@ARTICLE{9599379,
  author={Liu, Heting and Cao, Guohong},
  journal={IEEE Transactions on Vehicular Technology}, 
  title={Deep Reinforcement Learning-Based Server Selection for Mobile Edge Computing}, 
  year={2021},
  volume={70},
  number={12},
  pages={13351-13363},
  doi={10.1109/TVT.2021.3124127}}


@ARTICLE{8972932,
  author={Sheng, Min and Dai, Yanpeng and Liu, Junyu and Cheng, Nan and Shen, Xuemin and Yang, Qinghai},
  journal={IEEE Transactions on Wireless Communications}, 
  title={Delay-Aware Computation Offloading in NOMA MEC Under Differentiated Uploading Delay}, 
  year={2020},
  volume={19},
  number={4},
  pages={2813-2826},
  doi={10.1109/TWC.2020.2968426}}


@ARTICLE{8823875,
  author={Lin, Kate Ching-Ju and Wang, Hao-Chen and Lai, Yuan-Cheng and Lin, Ying-Dar},
  journal={IEEE Wireless Communications}, 
  title={Communication and Computation Offloading for Multi-RAT Mobile Edge Computing}, 
  year={2019},
  volume={26},
  number={6},
  pages={180-186},
  doi={10.1109/MWC.001.1800603}}


@article{li2020energy,
  title={Energy-efficient UAV-assisted mobile edge computing: Resource allocation and trajectory optimization},
  author={Li, Mushu and Cheng, Nan and Gao, Jie and Wang, Yinlu and Zhao, Lian and Shen, Xuemin},
  journal={IEEE Transactions on Vehicular Technology},
  volume={69},
  number={3},
  pages={3424--3438},
  year={2020},
  publisher={IEEE}
}


@ARTICLE{9442308,
  author={Lin, Zehong and Bi, Suzhi and Zhang, Ying-Jun Angela},
  journal={IEEE Transactions on Wireless Communications}, 
  title={Optimizing AI Service Placement and Resource Allocation in Mobile Edge Intelligence Systems}, 
  year={2021},
  volume={20},
  number={11},
  pages={7257-7271},
  doi={10.1109/TWC.2021.3081991}}


@INPROCEEDINGS{8737385,
  author={Poularakis, Konstantinos and Llorca, Jaime and Tulino, Antonia M. and Taylor, Ian and Tassiulas, Leandros},
  booktitle={IEEE INFOCOM 2019 - IEEE Conference on Computer Communications}, 
  title={Joint Service Placement and Request Routing in Multi-cell Mobile Edge Computing Networks}, 
  year={2019},
  volume={},
  number={},
  pages={10-18},
  doi={10.1109/INFOCOM.2019.8737385}}


@ARTICLE{8509631,
  author={Chen, Lixing and Xu, Jie and Ren, Shaolei and Zhou, Pan},
  journal={IEEE Transactions on Wireless Communications}, 
  title={Spatioâ€“Temporal Edge Service Placement: A Bandit Learning Approach}, 
  year={2018},
  volume={17},
  number={12},
  pages={8388-8401},
  doi={10.1109/TWC.2018.2876823}}


@inproceedings{xu2018joint,
  title={Joint service caching and task offloading for mobile edge computing in dense networks},
  author={Xu, Jie and Chen, Lixing and Zhou, Pan},
  booktitle={IEEE INFOCOM 2018-IEEE Conference on Computer Communications},
  pages={207--215},
  year={2018},
  organization={IEEE}
}


@article{chen2019collaborative,
  title={Collaborative service placement for edge computing in dense small cell networks},
  author={Chen, Lixing and Shen, Cong and Zhou, Pan and Xu, Jie},
  journal={IEEE Transactions on Mobile Computing},
  volume={20},
  number={2},
  pages={377--390},
  year={2019},
  publisher={IEEE}
}


@article{liu2021deep,
  title={Deep Reinforcement Learning-Based Server Selection for Mobile Edge Computing},
  author={Liu, Heting and Cao, Guohong},
  journal={IEEE Transactions on Vehicular Technology},
  volume={70},
  number={12},
  pages={13351--13363},
  year={2021},
  publisher={IEEE}
}